@book{tapl,
  author = {Pierce, Benjamin C.},
  title = {Types and Programming Languages},
  year = {2002},
  isbn = {0262162091},
  publisher = {The MIT Press},
  edition = {1}
}
